<record><leader>00000cas a22000007a 4500</leader><controlfield tag="001">9478942</controlfield><controlfield tag="008">830504d18711883mauwr ne      0    0eng d</controlfield><datafield ind1=" " ind2=" " tag="010"><subfield code="a">sn 83020671 </subfield></datafield><datafield ind1=" " ind2=" " tag="040"><subfield code="a">NPX</subfield><subfield code="b">eng</subfield><subfield code="c">NPX</subfield><subfield code="d">MGN</subfield><subfield code="d">OCL</subfield><subfield code="d">OCLCQ</subfield><subfield code="d">OCLCF</subfield><subfield code="d">OCLCO</subfield></datafield><datafield ind1="1" ind2=" " tag="029"><subfield code="a">AU@</subfield><subfield code="b">000025795781</subfield></datafield><datafield ind1=" " ind2=" " tag="042"><subfield code="a">msc</subfield></datafield><datafield ind1="0" ind2=" " tag="130"><subfield code="a">Journal of industry (Orange, Mass.)</subfield></datafield><datafield ind1="0" ind2="0" tag="245"><subfield code="a">Journal of industry.</subfield></datafield><datafield ind1=" " ind2=" " tag="260"><subfield code="a">Orange, Mass. :</subfield><subfield code="b">[Lafayette Stevens],</subfield><subfield code="c">1871-1883.</subfield></datafield><datafield ind1=" " ind2=" " tag="300"><subfield code="a">587 v.</subfield></datafield><datafield ind1=" " ind2=" " tag="310"><subfield code="a">Weekly,</subfield><subfield code="b">Jan. 25, 1873-Apr. 21, 1883</subfield></datafield><datafield ind1=" " ind2=" " tag="321"><subfield code="a">Biweekly,</subfield><subfield code="b">Mar. 25, 1871-Jan. 11, 1873</subfield></datafield><datafield ind1="0" ind2=" " tag="362"><subfield code="a">No. 1 (Mar. 25, 1871)-no. 587 (Apr. 21, 1883).</subfield></datafield><datafield ind1=" " ind2="0" tag="651"><subfield code="a">Orange (Mass.)</subfield><subfield code="v">Newspapers.</subfield></datafield><datafield ind1=" " ind2="7" tag="655"><subfield code="a">Newspapers.</subfield><subfield code="2">fast</subfield><subfield code="0">(OCoLC)fst01423814</subfield></datafield><datafield ind1=" " ind2="7" tag="651"><subfield code="a">Massachusetts</subfield><subfield code="z">Orange.</subfield><subfield code="2">fast</subfield><subfield code="0">(OCoLC)fst01237002</subfield></datafield><datafield ind1=" " ind2=" " tag="752"><subfield code="a">United States</subfield><subfield code="b">Massachusetts</subfield><subfield code="c">Franklin</subfield><subfield code="d">Orange.</subfield></datafield><datafield ind1="0" ind2="0" tag="785"><subfield code="t">Orange journal (Orange, Mass.)</subfield><subfield code="w">(DLC)sn 89062436</subfield><subfield code="w">(OCoLC)22204112</subfield></datafield></record>